<record><leader>00000cas a2200000 a 4500</leader><controlfield tag="001">12339448</controlfield><controlfield tag="008">850802d18711886iluwr ne      0   a0eng c</controlfield><datafield ind1=" " ind2=" " tag="010"><subfield code="a">sn 85033923 </subfield></datafield><datafield ind1=" " ind2=" " tag="040"><subfield code="a">NPU</subfield><subfield code="b">eng</subfield><subfield code="c">NPU</subfield><subfield code="d">NVF</subfield><subfield code="d">OCLCQ</subfield><subfield code="d">NVF</subfield><subfield code="d">OCLCF</subfield><subfield code="d">OCLCO</subfield></datafield><datafield ind1="1" ind2=" " tag="029"><subfield code="a">AU@</subfield><subfield code="b">000020383630</subfield></datafield><datafield ind1=" " ind2=" " tag="042"><subfield code="a">pcc</subfield></datafield><datafield ind1=" " ind2=" " tag="043"><subfield code="a">n-us-il</subfield></datafield><datafield ind1="0" ind2=" " tag="130"><subfield code="a">Brown County Democrat (Mount Sterling, Ill.)</subfield></datafield><datafield ind1="1" ind2="0" tag="245"><subfield code="a">Brown County Democrat.</subfield></datafield><datafield ind1=" " ind2=" " tag="260"><subfield code="a">Mount Sterling, Brown County, Ill. :</subfield><subfield code="b">G.M. Russell</subfield></datafield><datafield ind1="2" ind2=" " tag="260"><subfield code="3">&lt;June 16, 1877&gt;</subfield><subfield code="a">Mount Sterling, Brown County, Ill. :</subfield><subfield code="b">H.K. Davis</subfield></datafield><datafield ind1=" " ind2=" " tag="300"><subfield code="a">v.</subfield></datafield><datafield ind1=" " ind2=" " tag="310"><subfield code="a">Weekly</subfield></datafield><datafield ind1="1" ind2=" " tag="362"><subfield code="a">Began in 1871?</subfield></datafield><datafield ind1="0" ind2=" " tag="362"><subfield code="a">-new ser., v. 18, no. 20 (July 10, 1886).</subfield></datafield><datafield ind1=" " ind2=" " tag="580"><subfield code="a">Merged with: Illinois weekly message, to form: Democrat-message.</subfield></datafield><datafield ind1=" " ind2=" " tag="588"><subfield code="a">Description based on: Vol. 4, no. 4 (Apr. 19, 1872).</subfield></datafield><datafield ind1=" " ind2="0" tag="651"><subfield code="a">Mount Sterling (Ill.)</subfield><subfield code="v">Newspapers.</subfield></datafield><datafield ind1=" " ind2="0" tag="651"><subfield code="a">Brown County (Ill.)</subfield><subfield code="v">Newspapers.</subfield></datafield><datafield ind1=" " ind2="7" tag="655"><subfield code="a">Newspapers.</subfield><subfield code="2">fast</subfield><subfield code="0">(OCoLC)fst01423814</subfield></datafield><datafield ind1=" " ind2="7" tag="651"><subfield code="a">Illinois</subfield><subfield code="z">Brown County.</subfield><subfield code="2">fast</subfield><subfield code="0">(OCoLC)fst01215444</subfield></datafield><datafield ind1=" " ind2="7" tag="651"><subfield code="a">Illinois</subfield><subfield code="z">Mount Sterling.</subfield><subfield code="2">fast</subfield><subfield code="0">(OCoLC)fst01883499</subfield></datafield><datafield ind1=" " ind2=" " tag="752"><subfield code="a">United States</subfield><subfield code="b">Illinois</subfield><subfield code="c">Brown</subfield><subfield code="d">Mount Sterling.</subfield></datafield><datafield ind1="0" ind2="0" tag="780"><subfield code="t">Weekly gazette (Mount Sterling, Ill.)</subfield><subfield code="w">(DLC)sn 92054555</subfield><subfield code="w">(OCoLC)25692407</subfield></datafield><datafield ind1="1" ind2="7" tag="785"><subfield code="t">Illinois weekly message</subfield><subfield code="w">(DLC)sn 84038573</subfield><subfield code="w">(OCoLC)11341127</subfield></datafield><datafield ind1="1" ind2="7" tag="785"><subfield code="t">Democrat-message</subfield><subfield code="w">(DLC)sn 92054556</subfield><subfield code="w">(OCoLC)25692596</subfield></datafield></record>